@misc{lshort,
  author = {Tobias Oetiker and Hubert Partl and Irene Hyna and Elisabeth Schlegl},
  title = {The Not So Short Introduction to {{\LaTeX}}},
  url = {http://tobi.oetiker.ch/lshort/lshort.pdf},
  year = {2008}
}

@misc{lshortsk,
  	author = {Tobias Oetiker and Hubert Partl and Irene Hyna and Elisabeth Schlegl},
  	title = {Nie príliš stručný úvod do systému {{\LaTeX}} 2{{$\epsilon$}}},
  	url = {http://people.tuke.sk/jan.busa/tex/slshort.ZIP},
  	year = {2002},
	note = {Preklad Ján Buša ml. a st.}
}
