@book{satrapa2011,
  author    = {Pavel Satrapa}, 
  title     = {\LaTeX{} pro pragmatiky},
  year      = 2011,
  address   = {Liberec},
  url ={http://mirrors.nic.cz/tex-archive/info/czech/latex-pro-pragmatiky/latex-pro-pragmatiky.pdf}
}


@book{lshort,
  author    = {Tobias Oetiker et al.}, 
  title     = {The Not So Short Introduction to \LaTeX{}},
  year      = 2008,
  url={http//tobi.oetiker.ch/lshort/lshort.pdf}
}


@book{lshortsk,
  author    = {Tobias Oetiker et al.}, 
  title     = {Nie príliš stručný úvod do systému \LaTeX{} 2$\epsilon$},
  year      = 2002,
  translator = {Buša ml. a st.},
  url={http://people.tuke.sk/jan.busa/tex/slshort.ZIP}
}



@book{rybicka2003,
  author    = {Jiří Rybička}, 
  title     = {\LaTeX{} pro začátečníky},
  publisher = {Konvoj},
  year      = 2003,
  edition   = 3,
  isbn      = {9788073020491},
  url={http://people.tuke.sk/jan.busa/tex/slshort.ZIP}
}
