@article{ID,
	author = {author},
	title = {title},
	journaltitle = {journaltitle},
	date = {date},
	OPTtranslator = {translator},
	OPTannotator = {annotator},
	OPTcommentator = {commentator},
	OPTsubtitle = {subtitle},
	OPTtitleaddon = {titleaddon},
	OPTeditor = {editor},
	OPTeditora = {editora},
	OPTeditorb = {editorb},
	OPTeditorc = {editorc},
	OPTjournalsubtitle = {journalsubtitle},
	OPTissuetitle = {issuetitle},
	OPTissuesubtitle = {issuesubtitle},
	OPTlanguage = {language},
	OPToriglanguage = {origlanguage},
	OPTseries = {series},
	OPTvolume = {volume},
	OPTnumber = {number},
	OPTeid = {eid},
	OPTissue = {issue},
	OPTmonth = {month},
	OPTpages = {pages},
	OPTversion = {version},
	OPTnote = {note},
	OPTissn = {issn},
	OPTaddendum = {addendum},
	OPTpubstate = {pubstate},
	OPTdoi = {doi},
	OPTeprint = {eprint},
	OPTeprintclass = {eprintclass},
	OPTeprinttype = {eprinttype},
	OPTurl = {url},
	OPTurldate = {urldate},
}
@article{chinagambling,
	title   = {Everything You Ever Wanted to Know About Gambling Laws in China},
	year    = 2021,
	url = "https://www.casino.org/blog/gambling-laws-china/"
}

@article{chinalol,
	title   = {Esports in China: More than just a hobby},
	year    = 2021,
	url = "https://marketingtochina.com/e-sport-china-just-hobby/"
}
@article{svm,
	title   = {Support vector Machine Algorithm},
	year    = 2021,
	url = "https://www.geeksforgeeks.org/support-vector-machine-algorithm/"
}
@article{knn,
	title   = {K nearest neighbour},
	year    = 2021,
	author = "Anthony Christopher",
	url = "https://medium.com/swlh/k-nearest-neighbor-ca2593d7a3c4"
}
@article{bruteforce,
	title   = {Brute force algorithm},
	year    = 2022,
	author = "Eastern Coder",
	url = "https://easterncoder.com/what-is-brute-force-algorithm/"
}

@article{clustering,
	title   = {8 types of clustering algorithms},
	author = "Milecia McGregor",
	year    = 2021,
	url = "https://www.freecodecamp.org/news/8-clustering-algorithms-in-machine-learning-that-all-data-scientists-should-know/"
}

@article{einstein,
	author = "Albert Einstein",
	title = "{Zur Elektrodynamik bewegter K{\"o}rper}. ({German})
	[{On} the electrodynamics of moving bodies]",
	journal = "Annalen der Physik",
	volume = "322",
	number = "10",
	pages = "891--921",
	year = "1905",
	url = "http://dx.doi.org/10.1002/andp.19053221004",
	keywords = "physics"
}

@article{leaguefeed,
	author  = {Spezzy}, 
	title   = {How many people play League of Legends? – UPDATED 2021 (December)},
	year    = 2021,
	url = "https://leaguefeed.net/did-you-know-total-league-of-legends-player-count-updated/"
}
@article{gamblinghistory,
	title   = {The History of Gambling},
	url = "https://www.gambling.net/history/"
}
@book{book,
	author    = {Peter Babington}, 
	title     = {The title of the work},
	publisher = {The name of the publisher},
	year      = 1993,
	volume    = 4,
	series    = 10,
	address   = {The address},
	edition   = 3,
	month     = 7,
	note      = {An optional note},
	isbn      = {3257227892}
}

@booklet{booklet,
	title        = {The title of the work},
	author       = {Peter Caxton}, 
	howpublished = {How it was published},
	address      = {The address of the publisher},
	month        = 7,
	year         = 1993,
	note         = {An optional note}
}

@conference{conference,
	author       = {Peter Draper}, 
	title        = {The title of the work},
	booktitle    = {The title of the book},
	year         = 1993,
	editor       = {The editor},
	volume       = 4,
	series       = 5,
	pages        = 213,
	address      = {The address of the publisher},
	month        = 7,
	organization = {The organization},
	publisher    = {The publisher},
	note         = {An optional note}  
}

@inbook{inbook,
	author       = {Peter Eston}, 
	title        = {The title of the work},
	chapter      = 8,
	pages        = {201-213},
	publisher    = {The name of the publisher},
	year         = 1993,
	volume       = 4,
	series       = 5,
	address      = {The address of the publisher},
	edition      = 3,
	month        = 7,
	note         = {An optional note}
}

@incollection{incollection,
	author       = {Peter Farindon}, 
	title        = {The title of the work},
	booktitle    = {The title of the book},
	publisher    = {The name of the publisher},
	year         = 1993,
	editor       = {The editor},
	volume       = 4,
	series       = 5,
	chapter      = 8,
	pages        = {201-213},
	address      = {The address of the publisher},
	edition      = 3,
	month        = 7,
	note         = {An optional note}
}

@manual{manual,
	title        = {The title of the work},
	author       = {Peter Gainsford}, 
	organization = {The organization},
	address      = {The address of the publisher},
	edition      = 3,
	month        = 7,
	year         = 1993,
	note         = {An optional note}
}

@mastersthesis{mastersthesis,
	author       = {Peter Harwood}, 
	title        = {The title of the work},
	school       = {The school where the thesis was written},
	year         = 1993,
	address      = {The address of the publisher},
	month        = 7,
	note         = {An optional note}
}

@misc{misc,
	author       = {Peter Isley}, 
	title        = {The title of the work},
	howpublished = {How it was published},
	month        = 7,
	year         = 1993,
	note         = {An optional note}
}

@phdthesis{phdthesis,
	author       = {Peter Joslin}, 
	title        = {The title of the work},
	school       = {The school where the thesis was written},
	year         = 1993,
	address      = {The address of the publisher},
	month        = 7,
	note         = {An optional note}
}

@proceedings{proceedings,
	title        = {The title of the work},
	year         = 1993,
	editor       = {Peter Kidwelly},
	volume       = 4,
	series       = 5,
	address      = {The address of the publisher},
	month        = 7,
	organization = {The organization},
	publisher    = {The name of the publisher},
	note         = {An optional note}
}

@techreport{techreport,
	author       = {Peter Lambert}, 
	title        = {The title of the work},
	institution  = {The institution that published},
	year         = 1993,
	number       = 2,
	address      = {The address of the publisher},
	month        = 7,
	note         = {An optional note}
}

@unpublished{unpublished,
	author       = {Peter Marcheford}, 
	title        = {The title of the work},
	note         = {An optional note},
	month        = 7,
	year         = 1993
}

@article{dimenzionalita,
	title   = {Viacrozmerné štatistické metódy},
	year    = 2021,
	author  = {Jiří Jarkovský, Simona Littnerová}, 
	url = "httpsis.muni.czelscijaro2021Bi8601umMultivariate_p06.pdf"
}

@article{backtracking,
	title   = {Backtracking explained},
	year    = 2022,
	author  = {Kanhu}, 
	url = "https://techwithkp.com/backtracking-algorithm-explained-with-examples/"
}
@article{forwardcheck,
	title   = {Forward checking algorithm},
	year    = 2022,
	author  = {Fahiem Bacchus, Adam Grove}, 
	url = "https://www.cs.toronto.edu/~fbacchus/Papers/BGCP95.pdf"
}

@article{minmax,
	title   = {Min max algorithm},
	year    = 2022,
	author  = {Mannan Bansal}, 
	url = "https://iq.opengenus.org/minimax-algorithm/"
}

@article{reinforcement,
	title   = {Reinforcement learning},
	year    = 2018,
	author  = {Shweta Bhatt}, 
	url = "https://towardsdatascience.com/reinforcement-learning-101-e24b50e1d292"
}

@article{regresia,
	title   = {Lineárna regresná analýza},
	year    = 2015,
	url = "https://statistikapspp.sk/linearna-regresna-analyza/"
}

@article{umelainteligencia,
	title   = {Algoritmy strojového učenia},
	year    = 2021,
	author  = {Juraj Muráň}, 
	url = "https://umelainteligencia.sk/algoritmy-strojoveho-ucenia/"
}
