@misc{lshort,
  author = {Tobias Oetiker and Hubert Partl and Irene Hyna and Elisabeth Schlegl},
  title = {The Not So Short Introduction to {{\LaTeX}}},
  url = {http://tobi.oetiker.ch/lshort/lshort.pdf},
  year = {2008}
}

@misc{lshortsk,
  author = {Tobias Oetiker and Hubert Partl and Irene Hyna and Elisabeth Schlegl},
  title = {Nie príliš stručný úvod do systému {{\LaTeX}} 2{{$\epsilon$}}},
  url = {http://people.tuke.sk/jan.busa/tex/slshort.ZIP},
  year = {2002},
  note = {Preklad Ján Buša ml. a st.}
}

@online{knuthwebsite,
  author = {Donald Knuth},
  title = {Knuth: Computers and Typesetting},
  year = {1984},
  url = {http://www-cs-faculty.stanford.edu/~uno/abcde.html}
}

@book{latexcompanion,
  author = {Michel Goossens and Frank Mittelbach and Alexander Samarin},
  title = {The \LaTeX\ Companion},
  year = {1993},
  publisher = {Addison-Wesley},
  location = {Reading, Massachusetts}
}
